
@book{piketty_les_2001,
	location = {Paris},
	title = {Les hauts revenus en France au {XXe} siècle: inégalités et redistributions, 1901-1998},
	isbn = {2-246-61651-4},
	pagetotal = {807},
	publisher = {Bernard Grasset},
	author = {Piketty, Thomas},
	date = {2001},
}

@online{noauthor_precision_2022,
	title = {Précision et rappel},
	url = {https://fr.wikipedia.org/wiki/Pr%C3%A9cision_et_rappel},
	titleaddon = {Wikipedia. L'encyclopédie libre},
	urldate = {2022-06-13},
	date = {2022},
}

@article{saint-raymond_revisiting_2019,
	title = {Revisiting Harrison and Cynthia White’s Academic vs. Dealer-Critic System},
	volume = {8},
	url = {https://mdpi-res.com/d_attachment/arts/arts-08-00096/article_deploy/arts-08-00096-v2.pdf?version=1564630122},
	doi = {https://doi.org/10.3390/arts8030096},
	number = {3},
	journaltitle = {Arts},
	author = {Saint-Raymond, Léa},
	urldate = {2022-06-15},
	date = {2019},
}

@article{de_maupeou_les_2013,
	title = {Les ``marchands de tableaux” dans le Bottin du commerce : une approche globale du marché de l’art à Paris entre 1815 et 1955},
	volume = {2},
	url = {https://hal.archives-ouvertes.fr/hal-02986371},
	journaltitle = {Artl@s Bulletin},
	author = {de Maupeou, Félicie Faizand and Saint-Raymond, Léa},
	urldate = {1997-06-20},
	date = {2013},
}

@online{noauthor_regression_2022,
	title = {Régression linéaire},
	url = {https://fr.wikipedia.org/wiki/R%C3%A9gression_lin%C3%A9aire},
	titleaddon = {Wikipedia. L'encyclopédie libre},
	urldate = {2022-07-10},
	date = {2022},
}

@online{noauthor_f-score_2022,
	title = {F-score},
	url = {https://en.wikipedia.org/wiki/F-score},
	titleaddon = {Wikipedia. L'encyclopédie libre},
	urldate = {2022-06-12},
	date = {2022},
}

@book{stoichita_instauration_1993,
	location = {Paris},
	title = {L'instauration du tableau: métapeinture à l'aube des temps modernes},
	isbn = {978-2-86563-316-6},
	shorttitle = {L'instauration du tableau},
	pagetotal = {388},
	publisher = {Méridiens Klincksieck},
	author = {Stoichiță, Victor Ieronim},
	date = {1993},
	keywords = {Metacognition, Painters, Painting, Modern, Painting, Renaissance, Psychology, Themes, motives},
}

@article{stimson_photographic_2004,
	title = {The Photographic Comportment of Bernd and Hilla Becher},
	volume = {1},
	issn = {1753-9854},
	url = {https://www.tate.org.uk/research/tate-papers/01/photographic-comportment-of-bernd-and-hilla-becher},
	journaltitle = {Tate Papers},
	author = {Stimson, Blake},
	urldate = {2022-09-02},
	date = {2004},
}