
@thesis{kervegan_modelisation_2022,
	location = {Paris},
	title = {Modélisation, enrichissement sémantique et diffusion d'un corpus textuel semi-structuré: le cas des catalogues de vente de manuscrits},
	url = {https://github.com/paulhectork/tnah2022_memoire/},
	pagetotal = {170},
	institution = {École nationale des Chartes},
	type = {Mémoire pour le diplôme de master "Technologies numériques appliquées à l'histoire"},
	author = {Kervegan, Hector, Paul},
	urldate = {2022-09-02},
	date = {2022},
}