
@book{masure_design_2017,
	location = {Paris},
	title = {Design et humanités numériques},
	isbn = {978-2-917855-72-0},
	series = {Esthétique des données},
	pagetotal = {146},
	number = {01},
	publisher = {Éditions B42},
	author = {Masure, Anthony},
	date = {2017},
}

@book{drucker_visualisation_2020,
	location = {Paris},
	title = {Visualisation: l'interprétation modélisante},
	isbn = {978-2-490-07724-3},
	series = {Esthétique des données},
	pagetotal = {194},
	number = {03},
	publisher = {Éditions B42},
	author = {Drucker, Johanna},
	date = {2020},
}

@thesis{albouy_mediation_2019,
	location = {Paris},
	title = {Médiation des données de la recherche. Élaboration d'une plateforme en ligne pour une base de tables astronomiques anciennes.},
	url = {https://github.com/Segolene-Albouy/Memoire-TNAH2019},
	shorttitle = {Médiation des données de la recherche},
	pagetotal = {116},
	institution = {École nationale des Chartes},
	type = {Mémoire pour le diplôme de master "Technologies numériques appliquées à l'histoire"},
	author = {Albouy, Ségolène},
	urldate = {2022-06-13},
	date = {2019},
}

@book{agamben_quest-ce_2006,
	location = {Stanford},
	title = {Qu'est-ce qu'un dispositif?},
	isbn = {978-2-7436-2868-0},
	series = {Rivages Poche / Petite Bibliothèque},
	pagetotal = {64},
	publisher = {Payot-Rivages},
	author = {Agamben, Giorgio},
	date = {2006},
}

@book{hentschel_visual_2014,
	location = {Oxford},
	title = {Visual cultures in science and technology. A Comparative History},
	isbn = {978-0-19-871787-4},
	pagetotal = {512},
	publisher = {Oxford University Press},
	author = {Hentschel, Klaus},
	date = {2014},
}

@thesis{renon_design_2016,
	location = {Paris},
	title = {Design et esthétique dans les pratiques de la science},
	url = {https://www.academia.edu/36754513/Design_et_esth%C3%A9tique_dans_les_pratiques_de_la_science},
	pagetotal = {429},
	institution = {École des Hautes Études en Sciences Sociales, Institut Marcel Mauss},
	type = {Thèse de doctorat},
	author = {Renon, Anne-Lyse},
	urldate = {2022-06-08},
	date = {2016},
}

@incollection{renon_design_2015,
	location = {Paris, Grenoble},
	title = {``Design graphique" et ``objectivité", la question des méta-altas},
	isbn = {978-2-917855-54-6},
	pages = {71--81},
	booktitle = {Voir l’architecture. Contribution du design à la construction des savoirs},
	publisher = {Éditions B42, École supérieure d'art et de design de Grenoble-Valcence},
	author = {Renon, Anne-Lyse},
	editor = {Lantenois, Annick and Rouffineau, Gilles},
	date = {2015},
}

@inproceedings{orain_laboratoire_2021,
	location = {Pierrefitte-sur-Seine: Archives nationales},
	title = {Le Laboratoire de cartographie dans le contexte de développement des sciences sociales et humaines, des années 1950 aux années 1970},
	url = {https://dai.ly/x85jbir},
	booktitle = {Design graphique, recherche et patrimoine des sciences sociales. Le Laboratoire de graphique de Jacques Bertin},
	author = {Orain, Olivier},
	urldate = {2022-07-14},
	date = {2021-10-14},
}