
@online{noauthor_interface_2022,
	title = {Interface de programmation},
	url = {https://fr.wikipedia.org/wiki/Interface_de_programmation},
	titleaddon = {Wikipedia. L'encyclopédie libre},
	urldate = {2022-07-27},
	date = {2022},
}

@online{harris_sparql_2013,
	title = {{SPARQL} 1.1 Query Language. W3C Recommendation 21 March 2013},
	url = {http://www.w3.org/TR/2013/REC-sparql11-query-20130321/},
	titleaddon = {W3C},
	author = {Harris, Steve and Seaborne, Andy and Prud'hommeaux, Eric},
	urldate = {2022-06-10},
	date = {2013},
}

@inproceedings{covington_deep_2016,
	location = {New York},
	title = {Deep Neural Networks for {YouTube} Recommendations},
	url = {https://research.google/pubs/pub45530/},
	booktitle = {Proceedings of the 10th {ACM} Conference on Recommender Systems},
	author = {Covington, Paul and Adams, Jay and Sargin, Erme},
	urldate = {2022-06-10},
	date = {2016},
}

@online{noauthor_moteur_2022,
	title = {Moteur de recherche},
	url = {https://fr.wikipedia.org/wiki/Moteur_de_recherche},
	titleaddon = {Wikipedia. L'encyclopédie libre},
	urldate = {2022-07-17},
	date = {2022},
}

@article{mikolov_efficient_2013,
	title = {Efficient Estimation of Word Representations in Vector Space},
	rights = {{arXiv}.org perpetual, non-exclusive license},
	url = {https://arxiv.org/abs/1301.3781},
	doi = {10.48550/ARXIV.1301.3781},
	abstract = {We propose two novel model architectures for computing continuous vector representations of words from very large data sets. The quality of these representations is measured in a word similarity task, and the results are compared to the previously best performing techniques based on different types of neural networks. We observe large improvements in accuracy at much lower computational cost, i.e. it takes less than a day to learn high quality word vectors from a 1.6 billion words data set. Furthermore, we show that these vectors provide state-of-the-art performance on our test set for measuring syntactic and semantic word similarities.},
	author = {Mikolov, Tomas and Chen, Kai and Corrado, Greg and Dean, Jeffrey},
	urldate = {2022-07-29},
	date = {2013},
	note = {Publisher: {arXiv}
Version Number: 3},
	keywords = {Computation and Language (cs.{CL}), {FOS}: Computer and information sciences},
}

@thesis{fielding_architectural_2000,
	location = {Irvine},
	title = {Architectural Styles and the Design of Network-based Software Architectures},
	url = {https://www.ics.uci.edu/~fielding/pubs/dissertation/top.htm},
	pagetotal = {162},
	institution = {University of California},
	type = {Thèse de doctorat},
	author = {Fielding, Roy},
	urldate = {2022-08-05},
	date = {2000},
	note = {Version: {PDF} edition, 1-column for viewing online},
}

@online{noauthor_wikimedia_2022,
	title = {Wikimedia Foundation§Technology},
	url = {https://en.wikipedia.org/wiki/Wikimedia_Foundation#Technology},
	titleaddon = {Wikipedia. L'encyclopédie libre},
	urldate = {2022-08-01},
	date = {2022},
}

@online{noauthor_apimain_2022,
	title = {{API}:Main page},
	url = {https://www.mediawiki.org/wiki/API:Main_page},
	titleaddon = {{MediaWiki}},
	urldate = {2022-06-10},
	date = {2022},
}

@online{noauthor_namespace_2022,
	title = {Namespace},
	url = {https://en.wikipedia.org/wiki/Namespace},
	titleaddon = {Wikipedia. L'encyclopédie libre},
	urldate = {2022-05-05},
	date = {2022},
}

@online{noauthor_ontology_2022,
	title = {Ontology (information science)},
	url = {https://en.wikipedia.org/wiki/Ontology_(information_science)},
	titleaddon = {Wikipedia. L'encyclopédie libre},
	urldate = {2022-02-01},
	date = {2022},
}

@online{noauthor_graph_2022,
	title = {Graph database},
	url = {https://en.wikipedia.org/wiki/Graph_database},
	titleaddon = {Wikipedia. L'encyclopédie libre},
	urldate = {2022-06-12},
	date = {2022},
}

@online{beckett_sparql_2013,
	title = {{SPARQL} Query Results {XML} Format (Second Edition). W3C Recommendation 21 March 2013},
	url = {https://www.w3.org/TR/2013/REC-rdf-sparql-XMLres-20130321/},
	shorttitle = {{SPARQL} Query Results {XML} Format (Second Edition)},
	titleaddon = {W3C},
	author = {Beckett, Dave and Broekstra, Jeen and Hawke, Sandro},
	urldate = {2022-05-10},
	date = {2013-03-21},
}

@online{noauthor_query_2022,
	title = {Query optimization},
	url = {https://www.wikidata.org/wiki/Wikidata:SPARQL_query_service/query_optimization},
	titleaddon = {Wikidata},
	urldate = {2022-06-06},
	date = {2022},
}

@inproceedings{muller-birn_peer-production_2015,
	location = {San Francisco California},
	title = {Peer-production system or collaborative ontology engineering effort: what is Wikidata?},
	isbn = {978-1-4503-3666-6},
	url = {https://dl.acm.org/doi/10.1145/2788993.2789836},
	doi = {10.1145/2788993.2789836},
	shorttitle = {Peer-production system or collaborative ontology engineering effort},
	eventtitle = {{OpenSym} '15: The 11th International Symposium on Open Collaboration},
	pages = {1--10},
	booktitle = {Proceedings of the 11th International Symposium on Open Collaboration},
	publisher = {{ACM}},
	author = {Müller-Birn, Claudia and Karran, Benjamin and Lehmann, Janette and Luczak-Rösch, Markus},
	urldate = {2022-08-19},
	date = {2015-08-19},
	langid = {english},
	file = {Version acceptée:/home/paulhector/Zotero/storage/K5CFRJ7H/Müller-Birn et al. - 2015 - Peer-production system or collaborative ontology e.pdf:application/pdf},
}

@incollection{mika_introducing_2014,
	location = {Cham},
	title = {Introducing Wikidata to the Linked Data Web},
	volume = {8796},
	isbn = {978-3-319-11963-2 978-3-319-11964-9},
	url = {http://link.springer.com/10.1007/978-3-319-11964-9_4},
	pages = {50--65},
	booktitle = {The Semantic Web – {ISWC} 2014},
	publisher = {Springer International Publishing},
	author = {Erxleben, Fredo and Günther, Michael and Krötzsch, Markus and Mendez, Julian and Vrandečić, Denny},
	editor = {Mika, Peter and Tudorache, Tania and Bernstein, Abraham and Welty, Chris and Knoblock, Craig and Vrandečić, Denny and Groth, Paul and Noy, Natasha and Janowicz, Krzysztof and Goble, Carole},
	urldate = {2022-08-19},
	date = {2014},
	langid = {english},
	doi = {10.1007/978-3-319-11964-9_4},
	note = {Series Title: Lecture Notes in Computer Science},
	file = {Texte intégral:/home/paulhector/Zotero/storage/MJ9AI33J/Erxleben et al. - 2014 - Introducing Wikidata to the Linked Data Web.pdf:application/pdf},
}