
@book{piketty_les_2001,
	location = {Paris},
	title = {Les hauts revenus en France au {XXe} siècle : inégalités et redistributions, 1901-1998},
	isbn = {{ISBN} 2-246-61651-4},
	pagetotal = {807},
	publisher = {Bernard Grasset},
	author = {Piketty, Thomas},
	date = {2001},
}

@online{noauthor_precision_2022,
	title = {Précision et rappel},
	url = {https://fr.wikipedia.org/wiki/Pr%C3%A9cision_et_rappel},
	titleaddon = {Wikipedia. L'encyclopédie libre},
	urldate = {2022-06-13},
	date = {2022},
}