
@thesis{corbieres_du_2020,
	location = {Paris},
	title = {Du catalogue au fichier {TEI}. Création d'un workflow pour encoder automatiquement en {XML}-{TEI} des catalogues d'exposition.},
	url = {https://github.com/carolinecorbieres/Memoire_TNAH},
	shorttitle = {Du catalogue au fichier {TEI}},
	pagetotal = {87},
	institution = {École nationale des Chartes},
	type = {Mémoire pour le diplôme de master "Technologies numériques appliquées à l'histoire"},
	author = {Corbières, Caroline},
	urldate = {2022-06-13},
	date = {2020},
}

@thesis{janes_du_2021,
	location = {Paris},
	title = {Du catalogue papier au numérique. Une chaîne de traitement ouverte pour l'extraction d'information issue de documents structurés},
	url = {https://github.com/Juliettejns/Memoire_TNAH},
	shorttitle = {Du catalogue papier au numérique},
	pagetotal = {94},
	institution = {École nationale des Chartes},
	type = {Mémoire pour le diplôme de master "Technologies numériques appliquées à l'histoire"},
	author = {Janès, Juliette},
	urldate = {2022-06-13},
	date = {2021},
}

@thesis{rondeau_du_noyer_encoder_2019,
	location = {Paris},
	title = {Encoder automatiquement des catalogues en {XML}-{TEI}. Principes, évaluation et application à la revue des autographes de la librairie Charavay},
	url = {https://github.com/lairaines/M2TNAH},
	shorttitle = {Encoder automatiquement des catalogues en {XML}-{TEI}},
	pagetotal = {64},
	institution = {École nationale des Chartes},
	type = {Mémoire pour le diplôme de master "Technologies numériques appliquées à l'histoire"},
	author = {Rondeau du Noyer, Lucie},
	urldate = {2022-06-13},
	date = {2019},
}