
@inproceedings{christensen_segmonto_2022,
	location = {Paris: École nationale des Chartes},
	title = {{SegmOnto} – A Controlled Vocabulary to Describe Historical Textual Sources},
	booktitle = {Documents anciens et reconnaissance automatique des écritures manuscrites},
	author = {Christensen, Kelly and Gabay, Simon and Pinche, Ariane and Camps, Jean-Baptiste},
	date = {2022-06-23},
}

@incollection{sahle_what_2016,
	location = {Cambridge},
	title = {What is a scholarly digital edition?},
	isbn = {978-2-8218-8400-7},
	url = {http://books.openedition.org/obp/3397},
	booktitle = {Digital scholarly editing. Theories and practices},
	publisher = {Open Book Publishers},
	author = {Sahle, Patrick},
	editor = {Driscoll, Matthew James and Pierazzo, Elena},
	urldate = {2022-07-10},
	date = {2016},
}

@inproceedings{sahle_digital_2016,
	location = {London/Cambridge},
	title = {Digital modelling. Modelling the digital edition},
	url = {https://dixit.uni-koeln.de/wp-content/uploads/2015/04/Camp1-Patrick_Sahle_-_Digital_Modelling.pdf},
	booktitle = {Medieval and modern manuscript studies in the digital age},
	author = {Sahle, Patrick},
	date = {2016-05-02},
}