
@book{masure_design_2017,
	location = {Paris},
	title = {Design et humanités numériques},
	isbn = {{ISBN} 978-2-917855-72-0},
	series = {Esthétique des données},
	pagetotal = {146},
	number = {01},
	publisher = {Éditions B42},
	author = {Masure, Anthony},
	date = {2017},
}

@book{drucker_visualisation_2020,
	location = {Paris},
	title = {Visualisation : l'interprétation modélisante},
	isbn = {{ISBN} 978-2-490077-24-3},
	series = {Esthétique des données},
	pagetotal = {194},
	number = {03},
	publisher = {Éditions B42},
	author = {Drucker, Johanna},
	date = {2020},
}

@thesis{albouy_mediation_2019,
	location = {Paris},
	title = {Médiation des données de la recherche. Élaboration d'une plateforme en ligne pour une base de tables astronomiques anciennes.},
	url = {https://github.com/Segolene-Albouy/Memoire-TNAH2019},
	shorttitle = {Médiation des données de la recherche},
	pagetotal = {116},
	institution = {École nationale des Chartes},
	type = {Mémoire pour le diplôme de master "Technologies numériques appliquées à l'histoire"},
	author = {Albouy, Ségolène},
	urldate = {2022-06-13},
	date = {2019},
}

@book{agamben_what_2009,
	location = {Stanford},
	edition = {Première édition},
	title = {What is an apparatus? and Other Essays},
	isbn = {{ISBN} 978-0804762304},
	series = {Meridian: Crossing aesthetics},
	pagetotal = {80},
	publisher = {Stanford University Press},
	author = {Agamben, Giorgio},
	date = {2009},
}