
@online{noauthor_interface_2022,
	title = {Interface de programmation},
	url = {https://fr.wikipedia.org/wiki/Interface_de_programmation},
	titleaddon = {Wikipedia. L'encyclop√©die libre},
	urldate = {2022-07-27},
	date = {2022},
}

@online{harris_sparql_2013,
	title = {{SPARQL} 1.1 Query Language. W3C Recommendation 21 March 2013},
	url = {http://www.w3.org/TR/2013/REC-sparql11-query-20130321/},
	titleaddon = {W3C},
	author = {Harris, Steve and Seaborne, Andy and Prud'hommeaux, Eric},
	urldate = {2022-06-10},
	date = {2013},
}